@misc{paper,
  title  = {Parallel Graph Algorithms},
  author = {Vivek Sarkar},
  url    = {https://www.cs.rice.edu/~vs3/comp422/lecture-notes/comp422-lec24-s08-v2.pdf},
  year   = 2008
}

@online{wiki,
  title  = {Parallel all-pairs shortest path algorithm},
  author = { },
  url    = {https://en.wikipedia.org/wiki/Parallel_all-pairs_shortest_path_algorithm},
  year   = 2022
}

@online{cuda,
  title  = {CUDA C++ Programming Guide},
  author = {Nvidia},
  url    = {https://docs.nvidia.com/cuda/cuda-c-programming-guide/index.html},
  year   = 2023
}